@incollection{contentbased,
  title={Content-based recommendation systems},
  author={Pazzani, Michael J and Billsus, Daniel},
  booktitle={The adaptive web},
  pages={325--341},
  year={2007},
  publisher={Springer}
}

@inproceedings{itembased,
  title={Item-based collaborative filtering recommendation algorithms},
  author={Sarwar, Badrul and Karypis, George and Konstan, Joseph and Riedl, John},
  booktitle={Proceedings of the 10th international conference on World Wide Web},
  pages={285--295},
  year={2001},
  organization={ACM}
}

@ARTICLE{svd,
author={Y. Koren and R. Bell and C. Volinsky},
journal={Computer},
title={Matrix Factorization Techniques for Recommender Systems},
year={2009},
volume={42},
number={8},
pages={30-37},
keywords={information filtering;matrix decomposition;retail data processing;Netflix Prize competition;matrix factorization technique;nearest neighbor technique;product recommendation system;recommender system;Bioinformatics;Collaboration;Filtering;Genomics;Motion pictures;Nearest neighbor searches;Predictive models;Recommender systems;Sea measurements;Computational intelligence;Matrix factorization;Netflix Prize},
doi={10.1109/MC.2009.263},
ISSN={0018-9162},
month={Aug},}

@article{su2009survey,
  title={A survey of collaborative filtering techniques},
  author={Su, Xiaoyuan and Khoshgoftaar, Taghi M},
  journal={Advances in artificial intelligence},
  volume={2009},
  pages={4},
  year={2009},
  publisher={Hindawi Publishing Corp.}
}

@article{eigentaste,
  title={Eigentaste: A constant time collaborative filtering algorithm},
  author={Goldberg, Ken and Roeder, Theresa and Gupta, Dhruv and Perkins, Chris},
  journal={Information Retrieval},
  volume={4},
  number={2},
  pages={133--151},
  year={2001},
  publisher={Springer}
}


@article{vucetic2005collaborative,
  title={Collaborative filtering using a regression-based approach},
  author={Vucetic, Slobodan and Obradovic, Zoran},
  journal={Knowledge and Information Systems},
  volume={7},
  number={1},
  pages={1--22},
  year={2005},
  publisher={Springer}
}

@inproceedings{bookcrossing,
  title={Improving recommendation lists through topic diversification},
  author={Ziegler, Cai-Nicolas and McNee, Sean M and Konstan, Joseph A and Lausen, Georg},
  booktitle={Proceedings of the 14th international conference on World Wide Web},
  pages={22--32},
  year={2005},
  organization={ACM}
}

@article{movielens,
 author = {Harper, F. Maxwell and Konstan, Joseph A.},
 title = {The MovieLens Datasets: History and Context},
 journal = {ACM Trans. Interact. Intell. Syst.},
 issue_date = {January 2016},
 volume = {5},
 number = {4},
 month = dec,
 year = {2015},
 issn = {2160-6455},
 pages = {19:1--19:19},
 articleno = {19},
 numpages = {19},
 url = {http://doi.acm.org/10.1145/2827872},
 doi = {10.1145/2827872},
 acmid = {2827872},
 publisher = {ACM},
 address = {New York, NY, USA},
 keywords = {Datasets, MovieLens, ratings, recommendations},
}
